<?xml version="1.0" encoding="UTF-8"?><collection xmlns="http://www.loc.gov/MARC21/slim"><record><leader>00407nam--2200133-i-4500</leader><controlfield tag="001">000033330</controlfield><controlfield tag="002">20161230</controlfield><controlfield tag="005">20161230201039</controlfield><controlfield tag="008">060222s1000------------r-----000-0-eng-d</controlfield><datafield ind1=" " ind2=" " tag="100"><subfield code="a">Metzeger, Georges</subfield></datafield><datafield ind1=" " ind2=" " tag="245"><subfield code="a">Vabre, j.p</subfield></datafield><datafield ind1=" " ind2=" " tag="260"><subfield code="a">Les Memoires Electroniques.Memoires Statiqueset Dynamiques.L`Organisation Des Memoires</subfield></datafield><datafield ind1=" " ind2=" " tag="490"><subfield code="a">Les Techniques De Base De L`Informatique</subfield></datafield><datafield ind1=" " ind2=" " tag="852"><subfield code="a">537.533:621.38.049.7</subfield></datafield></record></collection>